@online{webpage1,
  author = {Oppermann, Philipp},
  title = {Allocator Designs},
  year = {2020},
  url = {os.phil-opp.com/allocator-designs/},
  urldate = {2023-5-30}
}

@online{image1,
  title = {CPU Diagram},
  author = {William Gayde},
  year = {2020},
  file = {/Users/teddy/Developer/Latex/images/cpu.png}
}